Scopus
EXPORT DATE: 14 September 2016

@ARTICLE{Wiggins197821,
author={Wiggins, R.A.},
title={Minimum entropy deconvolution},
journal={Geoexploration},
year={1978},
volume={16},
number={1-2},
pages={21-35},
doi={10.1016/0016-7142(78)90005-4},
note={cited By 283},
}

@ARTICLE{Endo2007906,
author={Endo, H. and Randall, R.B.},
title={Enhancement of autoregressive model based gear tooth fault detection technique by the use of minimum entropy deconvolution filter},
journal={Mechanical Systems and Signal Processing},
year={2007},
volume={21},
number={2},
pages={906-919},
doi={10.1016/j.ymssp.2006.02.005},
note={cited By 109},
}

@ARTICLE{Endo2009636,
author={Endo, H. and Randall, R.B. and Gosselin, C.},
title={Differential diagnosis of spall vs. cracks in the gear tooth fillet region: Experimental validation},
journal={Mechanical Systems and Signal Processing},
year={2009},
volume={23},
number={3},
pages={636-651},
doi={10.1016/j.ymssp.2008.08.015},
note={cited By 35},
}

@ARTICLE{Barszcz2012131,
author={Barszcz, T. and Sawalhi, N.},
title={Fault detection enhancement in rolling element bearings using the minimum entropy deconvolution},
journal={Archives of Acoustics},
year={2012},
volume={37},
number={2},
pages={131-141},
doi={10.2478/v10168-012-0019-2},
note={cited By 4},
}

@ARTICLE{Sawalhi20072616,
author={Sawalhi, N. and Randall, R.B. and Endo, H.},
title={The enhancement of fault detection and diagnosis in rolling element bearings using minimum entropy deconvolution combined with spectral kurtosis},
journal={Mechanical Systems and Signal Processing},
year={2007},
volume={21},
number={6},
pages={2616-2633},
doi={10.1016/j.ymssp.2006.12.002},
note={cited By 174},
}

@ARTICLE{Kwak2014283,
author={Kwak, D.-H. and Lee, D.-H. and Ahn, J.-H. and Koh, B.-H.},
title={Fault detection of roller-bearings using signal processing and optimization algorithms},
journal={Sensors (Switzerland)},
year={2014},
volume={14},
number={1},
pages={283-298},
doi={10.3390/s140100283},
note={cited By 2},
}

@ARTICLE{deOliveira2013725,
author={de Oliveira, R.J.G. and Mathias, M.H.},
title={Maximization of the signal impulsiveness combining envelope technique with minimum entropy deconvolution},
journal={Applied Mechanics and Materials},
year={2013},
volume={392},
pages={725-729},
doi={10.4028/www.scientific.net/AMM.392.725},
note={cited By 1},
}

@CONFERENCE{Ricci2012723,
author={Ricci, R. and Borghesani, P. and Chatterton, S. and Pennacchi, P.},
title={The combination of empirical mode decomposition and minimum entropy deconvolution for roller bearing diagnostics in non-stationary operation},
journal={Proceedings of the ASME Design Engineering Technical Conference},
year={2012},
volume={1},
number={PARTS A AND B},
pages={723-730},
doi={10.1115/DETC2012-71012},
note={cited By 3},
}

@ARTICLE{Jiang20131116,
author={Jiang, R. and Chen, J. and Dong, G. and Liu, T. and Xiao, W.},
title={The weak fault diagnosis and condition monitoring of rolling element bearing using minimum entropy deconvolution and envelop spectrum},
journal={Proceedings of the Institution of Mechanical Engineers, Part C: Journal of Mechanical Engineering Science},
year={2013},
volume={227},
number={5},
pages={1116-1129},
doi={10.1177/0954406212457892},
note={cited By 12},
}

@ARTICLE{Cabrelli1985394,
author={Cabrelli, C.A.},
title={Minimum entropy deconvolution and simplicity: a noniterative algorithm.},
journal={Geophysics},
year={1985},
volume={50},
number={3},
pages={394-413},
note={cited By 21},
}

@ARTICLE{Wang1991675,
author={Wang, C.-S. and Tang, J. and Zhao, B.},
title={Improvement on D norm deconvolution. A fast algorithm and the related procedure},
journal={Geophysics},
year={1991},
volume={56},
number={5},
pages={675-680},
note={cited By 4},
}

@ARTICLE{Broadhead2000885,
author={Broadhead, M.K. and Pflug, L.A.},
title={Performance of some sparseness criterion blind deconvolution methods in the presence of noise},
journal={Journal of the Acoustical Society of America},
year={2000},
volume={107},
number={2},
pages={885-893},
doi={10.1121/1.428270},
note={cited By 14},
}

@ARTICLE{Gray1979,
author={Gray, W.},
title={Variable norm deconvolution},
journal={Variable Norm Deconvolution},
year={1979},
note={cited By 38},
}

@ARTICLE{Lee1998357,
author={Lee, J.-Y. and Nandi, A.K.},
title={Blind deconvolution of impacting signals using higher-order statistics},
journal={Mechanical Systems and Signal Processing},
year={1998},
volume={12},
number={2},
pages={357-371},
note={cited By 23},
}

@CONFERENCE{Ovacikli2013462,
author={Ovacikli, A.K. and Paajarvi, P. and Leblanc, J.P.},
title={Skewness as an objective function for vibration analysis of rolling element bearings},
journal={International Symposium on Image and Signal Processing and Analysis, ISPA},
year={2013},
pages={462-466},
art_number={06703785},
note={cited By 4},
}

@ARTICLE{Sacchi1994938,
author={Sacchi, Mauricio D. and Velis, Danilo R. and Cominguez, Alberto H.},
title={Minimum entropy deconvolution with frequency-domain constraints},
journal={Geophysics},
year={1994},
volume={59},
number={6},
pages={938-945},
note={cited By 41},
}

@ARTICLE{McDonald2012237,
author={McDonald, G.L. and Zhao, Q. and Zuo, M.J.},
title={Maximum correlated Kurtosis deconvolution and application on gear tooth chip fault detection},
journal={Mechanical Systems and Signal Processing},
year={2012},
volume={33},
pages={237-255},
doi={10.1016/j.ymssp.2012.06.010},
note={cited By 48},
}

@ARTICLE{Zhang20103,
author={Zhang, B. and Khawaja, T. and Patrick, R. and Patrick, G. and Orchard, M. and Orchard, A.},
title={A novel blind deconvolution de-noising scheme in failure prognosis},
journal={Transactions of the Institute of Measurement and Control},
year={2010},
volume={32},
number={1},
pages={3-30},
doi={10.1177/0142331209357844},
note={cited By 15},
}

@ARTICLE{Jarque1980255,
author={Jarque, C.M. and Bera, A.K.},
title={Efficient tests for normality, homoscedasticity and serial independence of regression residuals},
journal={Economics Letters},
year={1980},
volume={6},
number={3},
pages={255-259},
doi={10.1016/0165-1765(80)90024-5},
note={cited By 1129},
}

@ARTICLE{Obuchowski2013441,
author={Obuchowski, J. and Wylomanska, A. and Zimroz, R.},
title={Stochastic modeling of time series with application to local damage detection in rotating machinery},
journal={Key Engineering Materials},
year={2013},
volume={569-570},
pages={441-448},
doi={10.4028/www.scientific.net/KEM.569-570.441},
note={cited By 20},
}

@ARTICLE{Obuchowski2014138,
author={Obuchowski, J. and Wyłomańska, A. and Zimroz, R.},
title={Selection of informative frequency band in local damage detection in rotating machinery},
journal={Mechanical Systems and Signal Processing},
year={2014},
volume={48},
number={1-2},
pages={138-152},
doi={10.1016/j.ymssp.2014.03.011},
note={cited By 20},
}

@ARTICLE{Dereszewski201459,
author={Dereszewski, M.},
title={Validation of failure detection by crankshaft angular speed analysis under sea waving conditions},
journal={Diagnostyka},
year={2014},
volume={15},
number={3},
pages={59-63},
note={cited By 1},
}

@ARTICLE{Czech20141619,
author={Czech, P. and Wojnar, G. and Burdzik, R. and Konieczny, Ł. and Warczek, J.},
title={Application of the discrete wavelet transform and probabilistic neural networks in IC engine fault diagnostics},
journal={Journal of Vibroengineering},
year={2014},
volume={16},
number={4},
pages={1619-1639},
note={cited By 22},
}

@ARTICLE{Makowski201365,
author={Makowski, R. and Zimroz, R.},
title={A procedure for weighted summation of the derivatives of reflection coefficients in adaptive Schur filter with application to fault detection in rolling element bearings},
journal={Mechanical Systems and Signal Processing},
year={2013},
volume={38},
number={1},
pages={65-77},
doi={10.1016/j.ymssp.2012.05.005},
note={cited By 20},
}

@ARTICLE{Makowski2011248,
author={Makowski, R.A. and Zimroz, R.},
title={Adaptive bearings vibration modelling for diagnosis},
journal={Lecture Notes in Computer Science (including subseries Lecture Notes in Artificial Intelligence and Lecture Notes in Bioinformatics)},
year={2011},
volume={6943 LNAI},
pages={248-259},
doi={10.1007/978-3-642-23857-4_26},
note={cited By 25},
}

@ARTICLE{Spiridonakos2014175,
author={Spiridonakos, M.D. and Fassois, S.D.},
title={Non-stationary random vibration modelling and analysis via functional series time-dependent ARMA (FS-TARMA) models - A critical survey},
journal={Mechanical Systems and Signal Processing},
year={2014},
volume={47},
number={1-2},
pages={175-224},
doi={10.1016/j.ymssp.2013.06.024},
note={cited By 7},
}

@ARTICLE{Spiridonakos2014175,
author={Spiridonakos, M.D. and Fassois, S.D.},
title={Non-stationary random vibration modelling and analysis via functional series time-dependent ARMA (FS-TARMA) models - A critical survey},
journal={Mechanical Systems and Signal Processing},
year={2014},
volume={47},
number={1-2},
pages={175-224},
doi={10.1016/j.ymssp.2013.06.024},
note={cited By 7},
}

@ARTICLE{Bartelmus20147,
author={Bartelmus, W.},
title={Object and operation supported maintenance for mining equipment},
journal={Mining Sci.},
year={2014},
volume={21},
pages={7-21},
note={cited By 1},
}

@ARTICLE{Jarque1987163,
author={Jarque, C.M. and Bera, A.K.},
title={A test for normality of observations and regression residuals},
journal={International Statistical Review},
year={1987},
volume={55},
number={2},
pages={163-172},
note={cited By 788},
}

@ARTICLE{Bai200549,
author={Bai, J. and Ng, S.},
title={Tests for skewness, kurtosis, and normality for time series data},
journal={Journal of Business and Economic Statistics},
year={2005},
volume={23},
number={1},
pages={49-60},
doi={10.1198/073500104000000271},
note={cited By 85},
}

@ARTICLE{Ooe1979458,
author={Ooe, M. and Ulrych, T.J.},
title={MINIMUM ENTROPY DECONVOLUTION WITH AN EXPONENTIAL TRANSFORMATION.},
journal={Geophys Prospect},
year={1979},
volume={27},
number={2},
pages={458-473},
note={cited By 38},
}

@BOOK{Randall2010,
author={Randall, R.B.},
title={Vibration-based Condition Monitoring: Industrial, Aerospace and Automotive Applications},
journal={Vibration-based Condition Monitoring: Industrial, Aerospace and Automotive Applications},
year={2010},
page_count={289},
doi={10.1002/9780470977668},
note={cited By 133},
}
