Scopus
EXPORT DATE: 8 September 2016

@ARTICLE{Kia20151866,
author={Kia, S.H. and Henao, H. and Capolino, G.-A.},
title={Gear tooth surface damage fault detection using induction machine stator current space vector analysis},
journal={IEEE Transactions on Industrial Electronics},
year={2015},
volume={62},
number={3},
pages={1866-1878},
doi={10.1109/TIE.2014.2360068},
art_number={6909026},
}


@ARTICLE{Kang20152763,
author={Kang, M. and Kim, J. and Kim, J.-M.},
title={High-performance and energy-efficient fault diagnosis using effective envelope analysis and denoising on a general-purpose graphics processing unit},
journal={IEEE Transactions on Power Electronics},
year={2015},
volume={30},
number={5},
pages={2763-2776},
doi={10.1109/TPEL.2014.2356207},
art_number={6894557},
}



@ARTICLE{Makowski2011248,
author={Makowski, R.A. and Zimroz, R.},
title={Adaptive bearings vibration modelling for diagnosis},
journal={Lecture Notes in Computer Science (including subseries Lecture Notes in Artificial Intelligence and Lecture Notes in Bioinformatics)},
year={2011},
volume={6943 LNAI},
pages={248-259},
doi={10.1007/978-3-642-23857-4_26},
}


@ARTICLE{Obuchowski2014389,
author={Obuchowski, J. and Wyłomańska, A. and Zimroz, R.},
title={The local maxima method for enhancement of time-frequency map and its application to local damage detection in rotating machines},
journal={Mechanical Systems and Signal Processing},
year={2014},
volume={46},
number={2},
pages={389-405},
doi={10.1016/j.ymssp.2014.01.009},
}



@ARTICLE{Burdzik2014642,
author={Burdzik, R. and Konieczny, Ł. and Folęga, P.},
title={Structural health monitoring of rotating machines in manufacturing processes by vibration methods},
journal={Advanced Materials Research},
year={2014},
volume={1036},
pages={642-647},
doi={10.4028/www.scientific.net/AMR.1036.642},
}


@article{zak2014novel,
  title={Novel 2D representation of vibration for local damage detection},
  author={{\.Z}ak, Grzegorz and Obuchowski, Jakub and Wy{\l}oma{\'n}ska, A and Zimroz, Rados{\l}aw},
  journal={Mining Science},
  volume={21},
  year={2014}
}



@ARTICLE{Leite20151855,
author={Leite, V.C.M.N. and Borges Da Silva, J.G. and Veloso, G.F.C. and Borges Da Silva, L.E. and Lambert-Torres, G. and Bonaldi, E.L. and De Lacerda De Oliveira, L.E.},
title={Detection of localized bearing faults in induction machines by spectral kurtosis and envelope analysis of stator current},
journal={IEEE Transactions on Industrial Electronics},
year={2015},
volume={62},
number={3},
pages={1855-1865},
doi={10.1109/TIE.2014.2345330},
art_number={6871315},
}



@ARTICLE{Prieto20133398,
author={Prieto, M.D. and Cirrincione, G. and Espinosa, A.G. and Ortega, J.A. and Henao, H.},
title={Bearing fault detection by a novel condition-monitoring scheme based on statistical-time features and neural networks},
journal={IEEE Transactions on Industrial Electronics},
year={2013},
volume={60},
number={8},
pages={3398-3407},
doi={10.1109/TIE.2012.2219838},
art_number={6307844},
}




@ARTICLE{Combet2009652,
author={Combet, F. and Gelman, L.},
title={Optimal filtering of gear signals for early damage detection based on the spectral kurtosis},
journal={Mechanical Systems and Signal Processing},
year={2009},
volume={23},
number={3},
pages={652-668},
doi={10.1016/j.ymssp.2008.08.002},
}



@ARTICLE{Antoni2006308,
author={Antoni, J. and Randall, R.B.},
title={The spectral kurtosis: Application to the vibratory surveillance and diagnostics of rotating machines},
journal={Mechanical Systems and Signal Processing},
year={2006},
volume={20},
number={2},
pages={308-331},
doi={10.1016/j.ymssp.2004.09.002},
}



@ARTICLE{Immovilli20094710,
author={Immovilli, F. and Cocconcelli, M. and Bellini, A. and Rubini, R.},
title={Detection of generalized-roughness bearing fault by spectral-kurtosis energy of vibration or current signals},
journal={IEEE Transactions on Industrial Electronics},
year={2009},
volume={56},
number={11},
pages={4710-4717},
doi={10.1109/TIE.2009.2025288},
}



@ARTICLE{Liu201446,
author={Liu, Z. and Zhang, Q.},
title={An approach to recognize the transient disturbances with spectral kurtosis},
journal={IEEE Transactions on Instrumentation and Measurement},
year={2014},
volume={63},
number={1},
pages={46-55},
doi={10.1109/TIM.2013.2277513},
art_number={6583959},
}



@CONFERENCE{Fournier201377,
author={Fournier, E. and Picot, A. and Regnierl, J. and Yamdeu, M.T. and Andrejak, J.-M. and Maussion, P.},
title={On the use of Spectral Kurtosis for diagnosis of electrical machines},
journal={Proceedings - 2013 9th IEEE International Symposium on Diagnostics for Electric Machines, Power Electronics and Drives, SDEMPED 2013},
year={2013},
pages={77-84},
doi={10.1109/DEMPED.2013.6645700},
art_number={6645700},
}



@ARTICLE{Zhang20153023,
author={Zhang, X. and Kang, J. and Zhao, J. and Zhao, J. and Teng, H.},
title={Rolling element bearings fault diagnosis based on correlated kurtosis kurtogram},
journal={Journal of Vibroengineering},
year={2015},
volume={17},
number={6},
pages={3023-3034},
}


@ARTICLE{Antoni2007108,
author={Antoni, J.},
title={Fast computation of the kurtogram for the detection of transient faults},
journal={Mechanical Systems and Signal Processing},
year={2007},
volume={21},
number={1},
pages={108-124},
doi={10.1016/j.ymssp.2005.12.002},
}

Scopus
EXPORT DATE: 9 September 2016

@ARTICLE{Barszcz2011431,
author={Barszcz, T. and Jabłoński, A.},
title={A novel method for the optimal band selection for vibration signal demodulation and comparison with the Kurtogram},
journal={Mechanical Systems and Signal Processing},
year={2011},
volume={25},
number={1},
pages={431-451},
doi={10.1016/j.ymssp.2010.05.018},
}


Scopus
EXPORT DATE: 9 September 2016

@ARTICLE{Nguyen2015,
author={Nguyen, P.H. and Kim, J.-M.},
title={Multifault diagnosis of rolling element bearings using a wavelet kurtogram and vector median-based feature analysis},
journal={Shock and Vibration},
year={2015},
volume={2015},
doi={10.1155/2015/320508},
art_number={320508},
}


Scopus
EXPORT DATE: 9 September 2016

@ARTICLE{Antoni201673,
author={Antoni, J.},
title={The infogram: Entropic evidence of the signature of repetitive transients},
journal={Mechanical Systems and Signal Processing},
year={2016},
volume={74},
pages={73-94},
doi={10.1016/j.ymssp.2015.04.034},
}


Scopus
EXPORT DATE: 9 September 2016

@ARTICLE{Obuchowski2014138,
author={Obuchowski, J. and Wyłomańska, A. and Zimroz, R.},
title={Selection of informative frequency band in local damage detection in rotating machinery},
journal={Mechanical Systems and Signal Processing},
year={2014},
volume={48},
number={1-2},
pages={138-152},
doi={10.1016/j.ymssp.2014.03.011},
}


Scopus
EXPORT DATE: 9 September 2016

@ARTICLE{Obuchowski2013441,
author={Obuchowski, J. and Wylomanska, A. and Zimroz, R.},
title={Stochastic modeling of time series with application to local damage detection in rotating machinery},
journal={Key Engineering Materials},
year={2013},
volume={569-570},
pages={441-448},
doi={10.4028/www.scientific.net/KEM.569-570.441},
}


Scopus
EXPORT DATE: 9 September 2016

@ARTICLE{Allen1977235,
author={Allen, J.B.},
title={Short Term Spectral Analysis, Synthesis, and Modification by Discrete Fourier Transform},
journal={IEEE Transactions on Acoustics, Speech, and Signal Processing},
year={1977},
volume={25},
number={3},
pages={235-238},
doi={10.1109/TASSP.1977.1162950},
}


Scopus
EXPORT DATE: 9 September 2016

@ARTICLE{Jarque1980255,
author={Jarque, C.M. and Bera, A.K.},
title={Efficient tests for normality, homoscedasticity and serial independence of regression residuals},
journal={Economics Letters},
year={1980},
volume={6},
number={3},
pages={255-259},
doi={10.1016/0165-1765(80)90024-5},
}




Scopus
EXPORT DATE: 9 September 2016

@ARTICLE{Burnecki2012,
author={Burnecki, K. and Wyłomańska, A. and Beletskii, A. and Gonchar, V. and Chechkin, A.},
title={Recognition of stable distribution with Lévy index $\alpha$ close to 2},
journal={Physical Review E - Statistical, Nonlinear, and Soft Matter Physics},
year={2012},
volume={85},
number={5},
doi={10.1103/PhysRevE.85.056711},
art_number={056711},
}


Scopus
EXPORT DATE: 9 September 2016

@CONFERENCE{Ovacikli2013462,
author={Ovacikli, A.K. and Paajarvi, P. and Leblanc, J.P.},
title={Skewness as an objective function for vibration analysis of rolling element bearings},
booktitle={International Symposium on Image and Signal Processing and Analysis, ISPA},
year={2013},
pages={462-466},
art_number={06703785},
}


@book{cordernonparametric,
  title={Nonparametric statistics for non-statisticians: a step-by-step approach},
  author={Corder, GW and Foreman, DI},
  year={2009},
  publisher={Wiley},
}

Scopus
EXPORT DATE: 9 September 2016

@ARTICLE{Justel1997251,
author={Justel, A. and Peña, D. and Zamar, R.},
title={A multivariate Kolmogorov-Smirnov test of goodness of fit},
journal={Statistics and Probability Letters},
year={1997},
volume={35},
number={3},
pages={251-259},
}


Scopus
EXPORT DATE: 9 September 2016

@CONFERENCE{Sawalhi2005231,
author={Sawalhi, N. and Randall, R.B.},
title={Spectral kurtosis enhancement using autoregressive models},
booktitle={4th Australasian Congress on Applied Mechanics, ACAM 2005},
year={2005},
pages={231-236},
}


Scopus
EXPORT DATE: 9 September 2016

@CONFERENCE{Sawalhi2011549,
author={Sawalhi, N. and Randall, R.B.},
title={Signal pre-whitening for fault detection enhancement and surveillance of rolling element bearings},
booktitle={8th International Conference on Condition Monitoring and Machinery Failure Prevention Technologies 2011, CM 2011/MFPT 2011},
year={2011},
volume={1},
pages={549-561},
}


Scopus
EXPORT DATE: 9 September 2016

@ARTICLE{Sawalhi2011846,
author={Sawalhi, N. and Randall, R.B.},
title={Vibration response of spalled rolling element bearings: Observations, simulations and signal processing techniques to track the spall size},
journal={Mechanical Systems and Signal Processing},
year={2011},
volume={25},
number={3},
pages={846-870},
doi={10.1016/j.ymssp.2010.09.009},
}


Scopus
EXPORT DATE: 9 September 2016

@ARTICLE{Borghesani2013370,
author={Borghesani, P. and Pennacchi, P. and Randall, R.B. and Sawalhi, N. and Ricci, R.},
title={Application of cepstrum pre-whitening for the diagnosis of bearing faults under variable speed conditions},
journal={Mechanical Systems and Signal Processing},
year={2013},
volume={36},
number={2},
pages={370-384},
doi={10.1016/j.ymssp.2012.11.001},
}


Scopus
EXPORT DATE: 9 September 2016

@ARTICLE{Otsu197962,
author={Otsu, Nobuyuki},
title={Threshold selection method from gray-level histograms},
journal={IEEE Transactions on Systems, Man and Cybernetics},
year={1979},
volume={SMC-9},
number={1},
pages={62-66},
}

Scopus
EXPORT DATE: 9 September 2016

@ARTICLE{Hou20061732,
author={Hou, Z. and Hu, Q. and Nowinski, W.L.},
title={On minimum variance thresholding},
journal={Pattern Recognition Letters},
year={2006},
volume={27},
number={14},
pages={1732-1743},
doi={10.1016/j.patrec.2006.04.012},
}


Scopus
EXPORT DATE: 9 September 2016

@ARTICLE{Jiang2013482,
author={Jiang, B.},
title={Head/Tail Breaks: A New Classification Scheme for Data with a Heavy-Tailed Distribution},
journal={Professional Geographer},
year={2013},
volume={65},
number={3},
pages={482-494},
doi={10.1080/00330124.2012.700499},
}


























