Scopus
EXPORT DATE: 8 September 2016

% NIBY POWKLEJALEM, ALE NIE SPRAWDZILEM DOKLADNIE. NIEKTORE SA STRASZNIE STARE, ALE PEWNIE KONIECZNE DO DEFINICJI



@ARTICLE{Bartelmus20091528,
author={Bartelmus, W. and Zimroz, R.},
title={A new feature for monitoring the condition of gearboxes in non-stationary operating conditions},
journal={Mechanical Systems and Signal Processing},
year={2009},
volume={23},
number={5},
pages={1528-1534},
doi={10.1016/j.ymssp.2009.01.014},
url={https://www.scopus.com/inward/record.uri?eid=2-s2.0-63449093154&partnerID=40&md5=2b97827711fa088a69d85bf8fee6d3db},
}

@book{brockwell2013time,
  title={Time series: theory and methods},
  author={Brockwell, Peter J and Davis, Richard A},
  year={2013},
  publisher={Springer Science \& Business Media}
}

Scopus
EXPORT DATE: 8 September 2016

@ARTICLE{Bloomfield1994127,
author={Bloomfield, P. and Hurd, H.L. and Lund, R.B.},
title={PERIODIC CORRELATION IN STRATOSPHERIC OZONE DATA},
journal={Journal of Time Series Analysis},
year={1994},
volume={15},
number={2},
pages={127-150},
doi={10.1111/j.1467-9892.1994.tb00181.x},
url={https://www.scopus.com/inward/record.uri?eid=2-s2.0-84981479026&partnerID=40&md5=cae0726efc1e3d58dff6ca64ab9e1a0f},
}

Scopus
EXPORT DATE: 8 September 2016

@ARTICLE{Broszkiewicz-Suwaj2004196,
author={Broszkiewicz-Suwaj, E. and Makagon, A. and Weron, R. and Wyłomańska, A.},
title={On detecting and modeling periodic correlation in financial data},
journal={Physica A: Statistical Mechanics and its Applications},
year={2004},
volume={336},
number={1-2},
pages={196-205},
doi={10.1016/j.physa.2004.01.025},
url={https://www.scopus.com/inward/record.uri?eid=2-s2.0-1442284602&partnerID=40&md5=d84af88154edb06cac77febc265055f9},
}


Scopus
EXPORT DATE: 8 September 2016

@BOOK{Čížek20051,
author={Čížek, P. and Härdle, W. and Weron, R.},
title={Statistical tools for finance and insurance},
publisher={Springer Science \& Business Media},
year={2005},
pages={1-517},
doi={10.1007/b139025},
url={https://www.scopus.com/inward/record.uri?eid=2-s2.0-84890003444&partnerID=40&md5=864da75e36def824a85c5c9b78b84098},
}


Scopus
EXPORT DATE: 8 September 2016

@ARTICLE{Chaari2012635,
author={Chaari, F. and Bartelmus, W. and Zimroz, R. and Fakhfakh, T. and Haddar, M.},
title={Gearbox vibration signal amplitude and frequency modulation},
journal={Shock and Vibration},
year={2012},
volume={19},
number={4},
pages={635-652},
doi={10.3233/SAV-2011-0656},
url={https://www.scopus.com/inward/record.uri?eid=2-s2.0-84864722559&partnerID=40&md5=cd0a9e6133cc83351bde7ccda5869949},
}



@book{chambers1983graphical,
  title={Graphical methods for data analysis},
  author={Chambers, John M},
  publisher={Belmont: Wadsworth},
  year={1983},
}

@article{combet2009new,
  title={A new method for the estimation of the instantaneous speed relative fluctuation in a vibration signal based on the short time scale transform},
  author={Combet, Francois and Zimroz, Radoslaw},
  journal={Mechanical Systems and Signal Processing},
  volume={23},
  number={4},
  pages={1382--1397},
  year={2009},
  publisher={Elsevier}
}

@inproceedings{dybala2014empirical,
  title={Empirical mode decomposition of vibration signal for detection of local disturbances in planetary gearbox used in heavy machinery system},
  author={Dyba{\l}a, Jacek and Zimroz, Radoslaw},
  booktitle={Key Engineering Materials},
  volume={588},
  pages={109--116},
  year={2014},
  organization={Trans Tech Publ}
}

Scopus
EXPORT DATE: 8 September 2016

@ARTICLE{Gardner19754,
author={Gardner, W.A. and Franks, L.E.},
title={Characterization of Cyclostationary Random Signal Processes},
journal={IEEE Transactions on Information Theory},
year={1975},
volume={21},
number={1},
pages={4-14},
doi={10.1109/TIT.1975.1055338},
url={https://www.scopus.com/inward/record.uri?eid=2-s2.0-0016424534&partnerID=40&md5=9a595d3d2ec3bd201e7c503dfad4b167},
}

@article{gladyshev1961periodically,
  title={Periodically correlated random sequences},
  author={Gladyshev, E},
  journal={Soviet Mathematics},
  volume={2},
  pages={385–388},
  year={1961},
}

Scopus
EXPORT DATE: 8 September 2016

@BOOK{Hurd20071,
author={Hurd, H.L. and Miamee, A.},
title={Periodically Correlated Random Sequences: Spectral Theory and Practice},
journal={Periodically Correlated Random Sequences: Spectral Theory and Practice},
year={2007},
pages={1-362},
doi={10.1002/9780470182833},
url={https://www.scopus.com/inward/record.uri?eid=2-s2.0-84948093187&partnerID=40&md5=7ccfedeaeb6afe987fe799b8870c79ef},
}

@book{hurd2007periodically,
  title={Periodically correlated random sequences: Spectral theory and practice},
  author={Hurd, Harry L and Miamee, Abolghassem},
  volume={355},
  year={2007},
  publisher={John Wiley \& Sons}
}


Scopus
EXPORT DATE: 8 September 2016

@CONFERENCE{Nowicka-Zagrajek20063071,
author={Nowicka-Zagrajek, J. and Wylomanska, A.},
title={The dependence structure for parma models with $\alpha$-Stable innovations},
journal={Acta Physica Polonica B},
year={2006},
volume={37},
number={11},
pages={3071-3081},
url={https://www.scopus.com/inward/record.uri?eid=2-s2.0-33845546702&partnerID=40&md5=32c50980929f7459546b788e56fa163b},
}

Scopus
EXPORT DATE: 8 September 2016

@ARTICLE{Parzen1979137,
author={Parzen, E. and Pagano, M.},
title={An approach to modeling seasonally stationary time series},
journal={Journal of Econometrics},
year={1979},
volume={9},
number={1-2},
pages={137-153},
doi={10.1016/0304-4076(79)90100-3},
url={https://www.scopus.com/inward/record.uri?eid=2-s2.0-49249153991&partnerID=40&md5=b374a5d1e809d2a69ad0d33fff7eeb8a},
}

Scopus
EXPORT DATE: 8 September 2016

@ARTICLE{Samuel2005475,
author={Samuel, P.D. and Pines, D.J.},
title={A review of vibration-based techniques for helicopter transmission diagnostics},
journal={Journal of Sound and Vibration},
year={2005},
volume={282},
number={1-2},
pages={475-508},
doi={10.1016/j.jsv.2004.02.058},
url={https://www.scopus.com/inward/record.uri?eid=2-s2.0-17844386578&partnerID=40&md5=6b5b99913190593d5a037755007473dc},
}


@inproceedings{stefaniak2015procedures,
  title={Procedures for decision thresholds finding in maintenance management of belt conveyor system--statistical modeling of diagnostic data},
  author={Stefaniak, Pawe{\l} K and Wy{\l}oma{\'n}ska, Agnieszka and Obuchowski, Jakub and Zimroz, Radoslaw},
  booktitle={Proceedings of the 12th International Symposium Continuous Surface Mining-Aachen 2014},
  pages={391--402},
  year={2015},
  organization={Springer}
}

Scopus
EXPORT DATE: 8 September 2016

@ARTICLE{Urbanek20131454,
author={Urbanek, J. and Barszcz, T. and Antoni, J.},
title={Time-frequency approach to extraction of selected second-order cyclostationary vibration components for varying operational conditions},
journal={Measurement: Journal of the International Measurement Confederation},
year={2013},
volume={46},
number={4},
pages={1454-1463},
doi={10.1016/j.measurement.2012.11.042},
url={https://www.scopus.com/inward/record.uri?eid=2-s2.0-84873052982&partnerID=40&md5=65348c70de74d66162af3407644120eb},
}

Scopus
EXPORT DATE: 8 September 2016

@ARTICLE{Vecchia1985721,
author={Vecchia, A.V.},
title={PERIODIC AUTOREGRESSIVE‐MOVING AVERAGE (PARMA) MODELING WITH APPLICATIONS TO WATER RESOURCES},
journal={JAWRA Journal of the American Water Resources Association},
year={1985},
volume={21},
number={5},
pages={721-730},
doi={10.1111/j.1752-1688.1985.tb00167.x},
url={https://www.scopus.com/inward/record.uri?eid=2-s2.0-0022136566&partnerID=40&md5=3fafe37ce1bdcc75ef5f4887f9ae694a},
}


Scopus
EXPORT DATE: 8 September 2016

@ARTICLE{Wylomanska2014171,
author={Wyłomańska, A. and Obuchowski, J. and Zimroz, R. and Hurd, H.},
title={Periodic autoregressive modeling of vibration time series from planetary gearbox used in bucket wheel excavator},
journal={Lecture Notes in Mechanical Engineering},
year={2014},
volume={11},
pages={171-186},
doi={10.1007/978-3-319-04187-2_12},
url={https://www.scopus.com/inward/record.uri?eid=2-s2.0-84951290026&partnerID=40&md5=a691397b03f74138aff1f8df4827f0f6},
}



Scopus
EXPORT DATE: 8 September 2016

@ARTICLE{Wyłomańska20081,
author={Wyłomańska, A.},
title={Spectral measures of PARMA sequences},
journal={Journal of Time Series Analysis},
year={2008},
volume={29},
number={1},
pages={1-13},
doi={10.1111/j.1467-9892.2007.00541.x},
url={https://www.scopus.com/inward/record.uri?eid=2-s2.0-36849010286&partnerID=40&md5=521de3c0c3c356dfb46549e1113341dd},
}


Scopus
EXPORT DATE: 8 September 2016

@ARTICLE{Yu2013155,
author={Yu, G. and Li, C. and Zhang, J.},
title={A new statistical modeling and detection method for rolling element bearing faults based on $\alpha$-stable distribution},
journal={Mechanical Systems and Signal Processing},
year={2013},
volume={41},
number={1-2},
pages={155-175},
doi={10.1016/j.ymssp.2013.08.015},
url={https://www.scopus.com/inward/record.uri?eid=2-s2.0-84885624558&partnerID=40&md5=b01af4f5097c65255261bbf24c34803b},
}


Scopus
EXPORT DATE: 8 September 2016

@ARTICLE{Zak20143,
author={Zak, G. and Obuchowski, J. and Wylomańska, A. and Zimroz, R.},
title={Application of ARMA modelling and $\alpha$-stable distribution for local damage detection in bearings},
journal={Diagnostyka},
year={2014},
volume={15},
number={3},
pages={3-10},
url={https://www.scopus.com/inward/record.uri?eid=2-s2.0-84916936835&partnerID=40&md5=d4278db408df1c902635cb14a3aae445},
}




















