Scopus
EXPORT DATE: 8 September 2016

@ARTICLE{Flandrin2004112,
author={Flandrin, P. and Rilling, G. and Gonçalvés, P.},
title={Empirical mode decomposition as a filter bank},
journal={IEEE Signal Processing Letters},
year={2004},
volume={11},
number={2 PART I},
pages={112-114},
doi={10.1109/LSP.2003.821662},
url={https://www.scopus.com/inward/record.uri?eid=2-s2.0-0442326792&partnerID=40&md5=97b4ebdb8dbba061f45021b62e03aa81},
}


@ARTICLE{Anderson1952193,
author={Anderson, T.W. and Darling, D.A.},
title={Asymptotic theory of certain "goodness of fit" criteria based on stochastic processes},
journal={Ann. Math. Statist.},
year={1952},
volume={23},
pages={193-212},
}

@book{Cleveland1994,
author={Cleveland, W.S.},
title={The Elements of Graphing Data},
publisher={Hobart Press},
city={Monterey},
year={1994},
}

@ARTICLE{Anderson1954765,
author={Anderson, T.W. and Darling, D.A.},
title={A Test of Goodness of Fit},
journal={Journal of the American Statistical Association},
year={1954},
volume={49},
number={268},
pages={765-769},
doi={10.1080/01621459.1954.10501232},
url={https://www.scopus.com/inward/record.uri?eid=2-s2.0-84947353200&partnerID=40&md5=bfe83b79a2d66b5721e702769357b22c},
}

@ARTICLE{Corder2009,
author={Corder, G.W. and Foreman, D.I.},
title={Nonparametric Statistics for Non-Statisticians: A Step-by-Step Approach},
journal={Nonparametric Statistics for Non-Statisticians: A Step-by-Step Approach},
year={2009},
}

@ARTICLE{McFadden19843,
author={McFadden, P.D. and Smith, J.D.},
title={Vibration monitoring of rolling element bearings by the high-frequency resonance technique - a review},
journal={Tribology International},
year={1984},
volume={17},
number={1},
pages={3-10},
doi={10.1016/0301-679X(84)90076-8},
url={https://www.scopus.com/inward/record.uri?eid=2-s2.0-0021377369&partnerID=40&md5=942489d14b3b80b3df6ee0fb2a5b4b22},
}

@ARTICLE{Randall2011485,
author={Randall, R.B. and Antoni, J.},
title={Rolling element bearing diagnostics-A tutorial},
journal={Mechanical Systems and Signal Processing},
year={2011},
volume={25},
number={2},
pages={485-520},
doi={10.1016/j.ymssp.2010.07.017},
url={https://www.scopus.com/inward/record.uri?eid=2-s2.0-78649600770&partnerID=40&md5=97050ef76f911092f6a4b9a386367f32},
}


@ARTICLE{Antoni2006282,
author={Antoni, J.},
title={The spectral kurtosis: A useful tool for characterising non-stationary signals},
journal={Mechanical Systems and Signal Processing},
year={2006},
volume={20},
number={2},
pages={282-307},
doi={10.1016/j.ymssp.2004.09.001},
url={https://www.scopus.com/inward/record.uri?eid=2-s2.0-27744587461&partnerID=40&md5=870a61f172f89c1e778bea8d901ec6b3},
}

@ARTICLE{Antoni2007108,
author={Antoni, J.},
title={Fast computation of the kurtogram for the detection of transient faults},
journal={Mechanical Systems and Signal Processing},
year={2007},
volume={21},
number={1},
pages={108-124},
doi={10.1016/j.ymssp.2005.12.002},
url={https://www.scopus.com/inward/record.uri?eid=2-s2.0-33749508107&partnerID=40&md5=cec7892c5eb437f06007bb3ed230aa30},
}


@ARTICLE{Samuel2005475,
author={Samuel, P.D. and Pines, D.J.},
title={A review of vibration-based techniques for helicopter transmission diagnostics},
journal={Journal of Sound and Vibration},
year={2005},
volume={282},
number={1-2},
pages={475-508},
doi={10.1016/j.jsv.2004.02.058},
url={https://www.scopus.com/inward/record.uri?eid=2-s2.0-17844386578&partnerID=40&md5=6b5b99913190593d5a037755007473dc},
}

@ARTICLE{Lin20031259,
author={Lin, J. and Zuo, M.J.},
title={Gearbox fault diagnosis using adaptive wavelet filter},
journal={Mechanical Systems and Signal Processing},
year={2003},
volume={17},
number={6},
pages={1259-1269},
doi={10.1006/mssp.2002.1507},
url={https://www.scopus.com/inward/record.uri?eid=2-s2.0-0041880035&partnerID=40&md5=93ec2efee6c638cd2307f1375c495c1e},
}

@ARTICLE{Lei2013108,
author={Lei, Y. and Lin, J. and He, Z. and Zuo, M.J.},
title={A review on empirical mode decomposition in fault diagnosis of rotating machinery},
journal={Mechanical Systems and Signal Processing},
year={2013},
volume={35},
number={1-2},
pages={108-126},
doi={10.1016/j.ymssp.2012.09.015},
url={https://www.scopus.com/inward/record.uri?eid=2-s2.0-84870404381&partnerID=40&md5=c096d742e0d90af19985f7996b5b07d8},
}

@ARTICLE{Liu2006718,
author={Liu, B. and Riemenschneider, S. and Xu, Y.},
title={Gearbox fault diagnosis using empirical mode decomposition and Hilbert spectrum},
journal={Mechanical Systems and Signal Processing},
year={2006},
volume={20},
number={3},
pages={718-734},
doi={10.1016/j.ymssp.2005.02.003},
url={https://www.scopus.com/inward/record.uri?eid=2-s2.0-28844481396&partnerID=40&md5=cfbeef546019c0f83d15ea44f351bd0f},
}

@ARTICLE{Antoni2009987,
author={Antoni, J.},
title={Cyclostationarity by examples},
journal={Mechanical Systems and Signal Processing},
year={2009},
volume={23},
number={4},
pages={987-1036},
doi={10.1016/j.ymssp.2008.10.010},
url={https://www.scopus.com/inward/record.uri?eid=2-s2.0-58949090453&partnerID=40&md5=e0fc63f0ccce922d19506adcef4bf21b},
}

@ARTICLE{Antoni20041285,
author={Antoni, J. and Bonnardot, F. and Raad, A. and El Badaoui, M.},
title={Cyclostationary modelling of rotating machine vibration signals},
journal={Mechanical Systems and Signal Processing},
year={2004},
volume={18},
number={6},
pages={1285-1314},
doi={10.1016/S0888-3270(03)00088-8},
url={https://www.scopus.com/inward/record.uri?eid=2-s2.0-3042693083&partnerID=40&md5=c31f5c1e7a9bd4da105348e08b33236b},
}

@ARTICLE{Nikolaou2002677,
author={Nikolaou, N.G. and Antoniadis, I.A.},
title={Demodulation of vibration signals generated by defects in rolling element bearings using complex shifted Morlet wavelets},
journal={Mechanical Systems and Signal Processing},
year={2002},
volume={16},
number={4},
pages={677-694},
doi={10.1006/mssp.2001.1459},
url={https://www.scopus.com/inward/record.uri?eid=2-s2.0-0036664241&partnerID=40&md5=69b7fadf3815baea8b0196bc45c59e21},
}

@ARTICLE{Wang2001887,
author={Wang, W.},
title={Early detection of gear tooth cracking using the resonance demodulation technique},
journal={Mechanical Systems and Signal Processing},
year={2001},
volume={15},
number={5},
pages={887-903},
doi={10.1006/mssp.2001.1416},
url={https://www.scopus.com/inward/record.uri?eid=2-s2.0-0035456091&partnerID=40&md5=352c21587101a9f9771ede531dd87e33},
}

@ARTICLE{Tse20041005,
author={Tse, P.W. and Yang, W.-X. and Tam, H.Y.},
title={Machine fault diagnosis through an effective exact wavelet analysis},
journal={Journal of Sound and Vibration},
year={2004},
volume={277},
number={4-5},
pages={1005-1024},
doi={10.1016/j.jsv.2003.09.031},
url={https://www.scopus.com/inward/record.uri?eid=2-s2.0-4544275882&partnerID=40&md5=f7e2538b890982b1ad65a1fbcacfe5f1},
}

@ARTICLE{Barszcz2011431,
author={Barszcz, T. and Jabłoński, A.},
title={A novel method for the optimal band selection for vibration signal demodulation and comparison with the Kurtogram},
journal={Mechanical Systems and Signal Processing},
year={2011},
volume={25},
number={1},
pages={431-451},
doi={10.1016/j.ymssp.2010.05.018},
url={https://www.scopus.com/inward/record.uri?eid=2-s2.0-78349312157&partnerID=40&md5=604c0af913c01509ccf0a200d9dede2d},
}


@ARTICLE{Lei20111738,
author={Lei, Y. and Lin, J. and He, Z. and Zi, Y.},
title={Application of an improved kurtogram method for fault diagnosis of rolling element bearings},
journal={Mechanical Systems and Signal Processing},
year={2011},
volume={25},
number={5},
pages={1738-1749},
doi={10.1016/j.ymssp.2010.12.011},
url={https://www.scopus.com/inward/record.uri?eid=2-s2.0-79953838303&partnerID=40&md5=c536f33d424a5e1e6d69a4689fa00baa},
}

@ARTICLE{Lee1998485,
author={Lee, S.K. and White, P.R.},
title={The enhancement of impulsive noise and vibration signals for fault detection in rotating and reciprocating machinery},
journal={Journal of Sound and Vibration},
year={1998},
volume={217},
number={3},
pages={485-505},
url={https://www.scopus.com/inward/record.uri?eid=2-s2.0-0032181791&partnerID=40&md5=6a76c147134082c8429aea8684c16b04},
}

@ARTICLE{Su20101458,
author={Su, W. and Wang, F. and Zhu, H. and Zhang, Z. and Guo, Z.},
title={Rolling element bearing faults diagnosis based on optimal Morlet wavelet filter and autocorrelation enhancement},
journal={Mechanical Systems and Signal Processing},
year={2010},
volume={24},
number={5},
pages={1458-1472},
doi={10.1016/j.ymssp.2009.11.011},
url={https://www.scopus.com/inward/record.uri?eid=2-s2.0-77953139252&partnerID=40&md5=91672de1c4b7a6b0ed4bd995d9704b8b},
}


@ARTICLE{Bozchalooi2007246,
author={Bozchalooi, I.S. and Liang, M.},
title={A smoothness index-guided approach to wavelet parameter selection in signal de-noising and fault detection},
journal={Journal of Sound and Vibration},
year={2007},
volume={308},
number={1-2},
pages={246-267},
doi={10.1016/j.jsv.2007.07.038},
url={https://www.scopus.com/inward/record.uri?eid=2-s2.0-34548616369&partnerID=40&md5=515b69896c39216ec015fd82ceb41b5d},
}

@ARTICLE{Zhang20091509,
author={Zhang, Y. and Randall, R.B.},
title={Rolling element bearing fault diagnosis based on the combination of genetic algorithms and fast kurtogram},
journal={Mechanical Systems and Signal Processing},
year={2009},
volume={23},
number={5},
pages={1509-1517},
doi={10.1016/j.ymssp.2009.02.003},
url={https://www.scopus.com/inward/record.uri?eid=2-s2.0-63449106876&partnerID=40&md5=c72846df5c320c8d0b3c9f90fe08a352},
}

@ARTICLE{Wang2013176,
author={Wang, D. and Tse, P.W. and Tsui, K.L.},
title={An enhanced Kurtogram method for fault diagnosis of rolling element bearings},
journal={Mechanical Systems and Signal Processing},
year={2013},
volume={35},
number={1-2},
pages={176-199},
doi={10.1016/j.ymssp.2012.10.003},
url={https://www.scopus.com/inward/record.uri?eid=2-s2.0-84870401853&partnerID=40&md5=c9a264b55be61bdc3c342362c3977ed4},
}

@ARTICLE{He20091092,
author={He, W. and Jiang, Z.-N. and Feng, K.},
title={Bearing fault detection based on optimal wavelet filter and sparse code shrinkage},
journal={Measurement: Journal of the International Measurement Confederation},
year={2009},
volume={42},
number={7},
pages={1092-1102},
doi={10.1016/j.measurement.2009.04.001},
url={https://www.scopus.com/inward/record.uri?eid=2-s2.0-67349163012&partnerID=40&md5=d34841bc27f587f0a634801554b0c5ed},
}

@ARTICLE{Stephens1979591,
author={Stephens, M.A.},
title={Tests of fit for the logistic distribution based on the empirical distribution function},
journal={Biometrika},
year={1979},
volume={66},
number={3},
pages={591-595},
url={https://www.scopus.com/inward/record.uri?eid=2-s2.0-0018716704&partnerID=40&md5=c1860f2ecf45da2e6e4960f3eae06b4a},
}

@ARTICLE{Wang20111750,
author={Wang, Y. and Liang, M.},
title={An adaptive SK technique and its application for fault detection of rolling element bearings},
journal={Mechanical Systems and Signal Processing},
year={2011},
volume={25},
number={5},
pages={1750-1764},
doi={10.1016/j.ymssp.2010.12.008},
url={https://www.scopus.com/inward/record.uri?eid=2-s2.0-79953874236&partnerID=40&md5=d14fca2e82ee26c747adb38298e3dc4a},
}

@ARTICLE{Tse2013499,
author={Tse, P.W. and Wang, D.},
title={The design of a new sparsogram for fast bearing fault diagnosis: Part 1 of the two related manuscripts that have a joint title as "two automatic vibration-based fault diagnostic methods using the novel sparsity measurement - Parts 1 and 2"},
journal={Mechanical Systems and Signal Processing},
year={2013},
volume={40},
number={2},
pages={499-519},
doi={10.1016/j.ymssp.2013.05.024},
url={https://www.scopus.com/inward/record.uri?eid=2-s2.0-84883851301&partnerID=40&md5=01efb81d9d11c0a19bd190b420af089d},
}

@ARTICLE{Urbanek2012399,
author={Urbanek, J. and Antoni, J. and Barszcz, T.},
title={Detection of signal component modulations using modulation intensity distribution},
journal={Mechanical Systems and Signal Processing},
year={2012},
volume={28},
pages={399-413},
doi={10.1016/j.ymssp.2011.12.018},
url={https://www.scopus.com/inward/record.uri?eid=2-s2.0-84857371664&partnerID=40&md5=629125888de588b20232b95e9f366e74},
}

@ARTICLE{Tse2013520,
author={Tse, P.W. and Wang, D.},
title={The automatic selection of an optimal wavelet filter and its enhancement by the new sparsogram for bearing fault detection: Part 2 of the two related manuscripts that have a joint title as "two automatic vibration-based fault diagnostic methods using the novel sparsity measurement - Parts 1 and 2"},
journal={Mechanical Systems and Signal Processing},
year={2013},
volume={40},
number={2},
pages={520-544},
doi={10.1016/j.ymssp.2013.05.018},
url={https://www.scopus.com/inward/record.uri?eid=2-s2.0-84883889623&partnerID=40&md5=d01086f896c465da2b9bafba205ea67e},
}

@ARTICLE{Zimroz2012250,
author={Zimroz, R. and Bartelmus, W.},
title={Application of adaptive filtering for weak impulsive signal recovery for bearings local damage detection in complex mining mechanical systems working under condition of varying load},
journal={Solid State Phenomena},
year={2012},
volume={180},
pages={250-257},
doi={10.4028/www.scientific.net/SSP.180.250},
url={https://www.scopus.com/inward/record.uri?eid=2-s2.0-82355170040&partnerID=40&md5=52ac6a38f8cd58e36cac4bfab02655cb},
}




@ARTICLE{Makowski201365,
author={Makowski, R. and Zimroz, R.},
title={A procedure for weighted summation of the derivatives of reflection coefficients in adaptive Schur filter with application to fault detection in rolling element bearings},
journal={Mechanical Systems and Signal Processing},
year={2013},
volume={38},
number={1},
pages={65-77},
doi={10.1016/j.ymssp.2012.05.005},
url={https://www.scopus.com/inward/record.uri?eid=2-s2.0-84876905836&partnerID=40&md5=b8ea43ce9d95a3901becc32ee48064dd},
}


@ARTICLE{Tucker1959828,
author={Tucker, H.G.},
title={A generalization of the Glivenko-Cantelli theorem},
journal={The Annals of Mathematical Statistics},
year={1959},
volume={30},
number={3},
pages={828-830},
}

@ARTICLE{Makowski2014214,
author={Makowski, R. and Zimroz, R.},
title={Parametric time-frequency map and its processing for local damage detection in rotating machinery},
journal={Key Engineering Materials},
year={2014},
volume={588},
pages={214-222},
doi={10.4028/www.scientific.net/KEM.588.214},
url={https://www.scopus.com/inward/record.uri?eid=2-s2.0-84890286039&partnerID=40&md5=0471ac2a475dea896223395fc5a0c607},
}

@ARTICLE{Burnecki2011293,
author={Burnecki, K. and Janczura, J. and Weron, R.},
title={Building loss models},
journal={Statistical Tools for Finance and Insurance},
year={2011},
pages={293-328},
}

@ARTICLE{Obuchowski2014325,
author={Obuchowski, J.},
title={The local maxima method for enhancement of time-frequency map, Advances in Condition Monitoring of Machinery in Non-Stationary Operations},
journal={Proceedings of the Third International Conference Condition Monitoring of Machinery in Non-Stationary Operations CMMNO 2013, Lecture Notes in Mechanical Engineering},
year={2014},
volume={9},
pages={325-334},
}
