Scopus
EXPORT DATE: 8 September 2016

@ARTICLE{Peng2004199,
author={Peng, Z.K. and Chu, F.L.},
title={Application of the wavelet transform in machine condition monitoring and fault diagnostics: A review with bibliography},
journal={Mechanical Systems and Signal Processing},
year={2004},
volume={18},
number={2},
pages={199-221},
doi={10.1016/S0888-3270(03)00075-X},
url={https://www.scopus.com/inward/record.uri?eid=2-s2.0-0346306460&partnerID=40&md5=b0cc67c07a8b164a113f23334cbe7bad},
}

@ARTICLE{McFadden19843,
author={McFadden, P.D. and Smith, J.D.},
title={Vibration monitoring of rolling element bearings by the high-frequency resonance technique - a review},
journal={Tribology International},
year={1984},
volume={17},
number={1},
pages={3-10},
doi={10.1016/0301-679X(84)90076-8},
url={https://www.scopus.com/inward/record.uri?eid=2-s2.0-0021377369&partnerID=40&md5=942489d14b3b80b3df6ee0fb2a5b4b22},
}

@ARTICLE{Randall2011485,
author={Randall, R.B. and Antoni, J.},
title={Rolling element bearing diagnostics-A tutorial},
journal={Mechanical Systems and Signal Processing},
year={2011},
volume={25},
number={2},
pages={485-520},
doi={10.1016/j.ymssp.2010.07.017},
url={https://www.scopus.com/inward/record.uri?eid=2-s2.0-78649600770&partnerID=40&md5=97050ef76f911092f6a4b9a386367f32},
}



@ARTICLE{Ho2000763,
author={Ho, D. and Randall, R.B.},
title={Optimization of bearing diagnostic techniques using simulated and actual bearing fault signals},
journal={Mechanical Systems and Signal Processing},
year={2000},
volume={14},
number={5},
pages={763-788},
doi={10.1006/mssp.2000.1304},
url={https://www.scopus.com/inward/record.uri?eid=2-s2.0-0034264830&partnerID=40&md5=ddceed1c7bc9b9eb19c14086ad2fe4c7},
}

@ARTICLE{Antoni2007108,
author={Antoni, J.},
title={Fast computation of the kurtogram for the detection of transient faults},
journal={Mechanical Systems and Signal Processing},
year={2007},
volume={21},
number={1},
pages={108-124},
doi={10.1016/j.ymssp.2005.12.002},
url={https://www.scopus.com/inward/record.uri?eid=2-s2.0-33749508107&partnerID=40&md5=cec7892c5eb437f06007bb3ed230aa30},
}

@ARTICLE{Samuel2005475,
author={Samuel, P.D. and Pines, D.J.},
title={A review of vibration-based techniques for helicopter transmission diagnostics},
journal={Journal of Sound and Vibration},
year={2005},
volume={282},
number={1-2},
pages={475-508},
doi={10.1016/j.jsv.2004.02.058},
url={https://www.scopus.com/inward/record.uri?eid=2-s2.0-17844386578&partnerID=40&md5=6b5b99913190593d5a037755007473dc},
}

@ARTICLE{Lin20031259,
author={Lin, J. and Zuo, M.J.},
title={Gearbox fault diagnosis using adaptive wavelet filter},
journal={Mechanical Systems and Signal Processing},
year={2003},
volume={17},
number={6},
pages={1259-1269},
doi={10.1006/mssp.2002.1507},
url={https://www.scopus.com/inward/record.uri?eid=2-s2.0-0041880035&partnerID=40&md5=93ec2efee6c638cd2307f1375c495c1e},
}

@ARTICLE{Dalpiaz2000387,
author={Dalpiaz, G. and Rivola, A. and Rubini, R.},
title={Effectiveness and sensitivity of vibration processing techniques for local fault detection in gears},
journal={Mechanical Systems and Signal Processing},
year={2000},
volume={14},
number={3},
pages={387-412},
doi={10.1006/mssp.1999.1294},
url={https://www.scopus.com/inward/record.uri?eid=2-s2.0-0034188296&partnerID=40&md5=6c6fa11c6fa9c0e98772c4a010452dfe},
}

@ARTICLE{Lei2013108,
author={Lei, Y. and Lin, J. and He, Z. and Zuo, M.J.},
title={A review on empirical mode decomposition in fault diagnosis of rotating machinery},
journal={Mechanical Systems and Signal Processing},
year={2013},
volume={35},
number={1-2},
pages={108-126},
doi={10.1016/j.ymssp.2012.09.015},
url={https://www.scopus.com/inward/record.uri?eid=2-s2.0-84870404381&partnerID=40&md5=c096d742e0d90af19985f7996b5b07d8},
}

@ARTICLE{Antoni2009987,
author={Antoni, J.},
title={Cyclostationarity by examples},
journal={Mechanical Systems and Signal Processing},
year={2009},
volume={23},
number={4},
pages={987-1036},
doi={10.1016/j.ymssp.2008.10.010},
url={https://www.scopus.com/inward/record.uri?eid=2-s2.0-58949090453&partnerID=40&md5=e0fc63f0ccce922d19506adcef4bf21b},
}

@ARTICLE{Antoni2002165,
author={Antoni, J. and Randall, R.B.},
title={Differential diagnosis of gear and bearing faults},
journal={Journal of Vibration and Acoustics, Transactions of the ASME},
year={2002},
volume={124},
number={2},
pages={165-171},
url={https://www.scopus.com/inward/record.uri?eid=2-s2.0-0036554724&partnerID=40&md5=47ca2f9b6c49f4c553da0ad1402801dd},
}

@ARTICLE{Baydar20011091,
author={Baydar, N. and Ball, A.},
title={A comparative study of acoustic and vibration signals in detection of gear failures using Wigner-Ville distribution},
journal={Mechanical Systems and Signal Processing},
year={2001},
volume={15},
number={6},
pages={1091-1107},
doi={10.1006/mssp.2000.1338},
url={https://www.scopus.com/inward/record.uri?eid=2-s2.0-0035520683&partnerID=40&md5=86eb9b39efc8a214209cc516f4dcd36b},
}

@ARTICLE{McFadden198783,
author={McFadden, P.D.},
title={A revised model for the extraction of periodic waveforms by time domain averaging},
journal={Mechanical Systems and Signal Processing},
year={1987},
volume={1},
number={1},
pages={83-95},
doi={10.1016/0888-3270(87)90085-9},
url={https://www.scopus.com/inward/record.uri?eid=2-s2.0-0043151969&partnerID=40&md5=0a8d6af6f2fd91a43f86ce8422dc1698},
}

@ARTICLE{Barszcz2011431,
author={Barszcz, T. and Jabłoński, A.},
title={A novel method for the optimal band selection for vibration signal demodulation and comparison with the Kurtogram},
journal={Mechanical Systems and Signal Processing},
year={2011},
volume={25},
number={1},
pages={431-451},
doi={10.1016/j.ymssp.2010.05.018},
url={https://www.scopus.com/inward/record.uri?eid=2-s2.0-78349312157&partnerID=40&md5=604c0af913c01509ccf0a200d9dede2d},
}

@ARTICLE{Feng2013165,
author={Feng, Z. and Liang, M. and Chu, F.},
title={Recent advances in time-frequency analysis methods for machinery fault diagnosis: A review with application examples},
journal={Mechanical Systems and Signal Processing},
year={2013},
volume={38},
number={1},
pages={165-205},
doi={10.1016/j.ymssp.2013.01.017},
url={https://www.scopus.com/inward/record.uri?eid=2-s2.0-84876940227&partnerID=40&md5=ad8aa17ef17b5336b687001c1a491d72},
}



@ARTICLE{Antoni200489,
author={Antoni, J. and Randall, R.B.},
title={Unsupervised noise cancellation for vibration signals: Part I - Evaluation of adaptive algorithms},
journal={Mechanical Systems and Signal Processing},
year={2004},
volume={18},
number={1},
pages={89-101},
doi={10.1016/S0888-3270(03)00012-8},
url={https://www.scopus.com/inward/record.uri?eid=2-s2.0-0345655304&partnerID=40&md5=fe74bcf0294cf7baa29717bd172951fb},
}

@ARTICLE{Lee1997637,
author={Lee, S.K. and White, P.R.},
title={Higher-order time-frequency analysis and its application to fault detection in rotating machinery},
journal={Mechanical Systems and Signal Processing},
year={1997},
volume={11},
number={4},
pages={637-650},
url={https://www.scopus.com/inward/record.uri?eid=2-s2.0-0031177176&partnerID=40&md5=e1b958c8987defb6d0034c521c6e01c8},
}

@ARTICLE{Antoni2004103,
author={Antoni, J. and Randall, R.B.},
title={Unsupervised noise cancellation for vibration signals: Part II - A novel frequency-domain algorithm},
journal={Mechanical Systems and Signal Processing},
year={2004},
volume={18},
number={1},
pages={103-117},
doi={10.1016/S0888-3270(03)00013-X},
url={https://www.scopus.com/inward/record.uri?eid=2-s2.0-0345566445&partnerID=40&md5=f315e520a1fde22f39e2d145d6e36747},
}

@ARTICLE{Dybała2014195,
author={Dybała, J. and Zimroz, R.},
title={Rolling bearing diagnosing method based on empirical mode decomposition of machine vibration signal},
journal={Applied Acoustics},
year={2014},
volume={77},
pages={195-203},
doi={10.1016/j.apacoust.2013.09.001},
url={https://www.scopus.com/inward/record.uri?eid=2-s2.0-84890031429&partnerID=40&md5=5c82b24a3fcb0745bcc4a068744194e5},
}

@ARTICLE{Urbanek20121782,
author={Urbanek, J. and Barszcz, T. and Zimroz, R. and Antoni, J.},
title={Application of averaged instantaneous power spectrum for diagnostics of machinery operating under non-stationary operational conditions},
journal={Measurement: Journal of the International Measurement Confederation},
year={2012},
volume={45},
number={7},
pages={1782-1791},
doi={10.1016/j.measurement.2012.04.006},
url={https://www.scopus.com/inward/record.uri?eid=2-s2.0-84861792274&partnerID=40&md5=74fa808b6a4dacd297c69fd2a2c2abf1},
}

@ARTICLE{He20121218,
author={He, Q. and Liu, Y. and Long, Q. and Wang, J.},
title={Time-frequency manifold as a signature for machine health diagnosis},
journal={IEEE Transactions on Instrumentation and Measurement},
year={2012},
volume={61},
number={5},
pages={1218-1230},
doi={10.1109/TIM.2012.2183402},
art_number={6153058},
url={https://www.scopus.com/inward/record.uri?eid=2-s2.0-84862825547&partnerID=40&md5=1f4f85ddfb10c09ce66eb4f7ee5dd1a6},
}

@ARTICLE{Urbanek2012399,
author={Urbanek, J. and Antoni, J. and Barszcz, T.},
title={Detection of signal component modulations using modulation intensity distribution},
journal={Mechanical Systems and Signal Processing},
year={2012},
volume={28},
pages={399-413},
doi={10.1016/j.ymssp.2011.12.018},
url={https://www.scopus.com/inward/record.uri?eid=2-s2.0-84857371664&partnerID=40&md5=629125888de588b20232b95e9f366e74},
}

@ARTICLE{Zimroz2012250,
author={Zimroz, R. and Bartelmus, W.},
title={Application of adaptive filtering for weak impulsive signal recovery for bearings local damage detection in complex mining mechanical systems working under condition of varying load},
journal={Solid State Phenomena},
year={2012},
volume={180},
pages={250-257},
doi={10.4028/www.scientific.net/SSP.180.250},
url={https://www.scopus.com/inward/record.uri?eid=2-s2.0-82355170040&partnerID=40&md5=52ac6a38f8cd58e36cac4bfab02655cb},
}

@ARTICLE{Urbanek20131454,
author={Urbanek, J. and Barszcz, T. and Antoni, J.},
title={Time-frequency approach to extraction of selected second-order cyclostationary vibration components for varying operational conditions},
journal={Measurement: Journal of the International Measurement Confederation},
year={2013},
volume={46},
number={4},
pages={1454-1463},
doi={10.1016/j.measurement.2012.11.042},
url={https://www.scopus.com/inward/record.uri?eid=2-s2.0-84873052982&partnerID=40&md5=65348c70de74d66162af3407644120eb},
}

@ARTICLE{Barszcz2009327,
author={Barszcz, T.},
title={Decomposition of vibration signals into deterministic and nondeterministic components and its capabilities of fault detection and identification},
journal={International Journal of Applied Mathematics and Computer Science},
year={2009},
volume={19},
number={2},
pages={327-335},
doi={10.2478/v10006-009-0028-0},
url={https://www.scopus.com/inward/record.uri?eid=2-s2.0-69149094611&partnerID=40&md5=42374067e0f064d1d34fd054267ebe74},
}

@ARTICLE{Makowski2011248,
author={Makowski, R.A. and Zimroz, R.},
title={Adaptive bearings vibration modelling for diagnosis},
journal={Lecture Notes in Computer Science (including subseries Lecture Notes in Artificial Intelligence and Lecture Notes in Bioinformatics)},
year={2011},
volume={6943 LNAI},
pages={248-259},
doi={10.1007/978-3-642-23857-4_26},
url={https://www.scopus.com/inward/record.uri?eid=2-s2.0-80053315271&partnerID=40&md5=7877ed52443063853bba9a54889b25fd},
}



@ARTICLE{Makowski201365,
author={Makowski, R. and Zimroz, R.},
title={A procedure for weighted summation of the derivatives of reflection coefficients in adaptive Schur filter with application to fault detection in rolling element bearings},
journal={Mechanical Systems and Signal Processing},
year={2013},
volume={38},
number={1},
pages={65-77},
doi={10.1016/j.ymssp.2012.05.005},
url={https://www.scopus.com/inward/record.uri?eid=2-s2.0-84876905836&partnerID=40&md5=b8ea43ce9d95a3901becc32ee48064dd},
}

@ARTICLE{Makowski2014130,
author={Makowski, R. and Zimroz, R.},
title={New techniques of local damage detection in machinery based on stochastic modelling using adaptive Schur filter},
journal={Applied Acoustics},
year={2014},
volume={77},
pages={130-137},
doi={10.1016/j.apacoust.2013.05.015},
url={https://www.scopus.com/inward/record.uri?eid=2-s2.0-84890040545&partnerID=40&md5=74488ca5029192d23ec6bfbfb9115f28},
}

@ARTICLE{Javorskyj20112506,
author={Javorskyj, I. and Leśkow, J. and Kravets, I. and Isayev, I. and Gajecka, E.},
title={Linear filtration methods for statistical analysis of periodically correlated random processes - Part II: Harmonic series representation},
journal={Signal Processing},
year={2011},
volume={91},
number={11},
pages={2506-2519},
doi={10.1016/j.sigpro.2011.04.031},
url={https://www.scopus.com/inward/record.uri?eid=2-s2.0-79960180651&partnerID=40&md5=c4fe66a866de0cdc8d36a7361975a62c},
}

@ARTICLE{Wang2013237,
author={Wang, J. and He, Q. and Kong, F.},
title={Automatic fault diagnosis of rotating machines by time-scale manifold ridge analysis},
journal={Mechanical Systems and Signal Processing},
year={2013},
volume={40},
number={1},
pages={237-256},
doi={10.1016/j.ymssp.2013.03.007},
url={https://www.scopus.com/inward/record.uri?eid=2-s2.0-84881310676&partnerID=40&md5=cb261afb4894269ce3864d239324e387},
}

@ARTICLE{Javorskyj20121559,
author={Javorskyj, I. and Leśkow, J. and Kravets, I. and Isayev, I. and Gajecka, E.},
title={Linear filtration methods for statistical analysis of periodically correlated random processes - Part I: Coherent and component methods and their generalization},
journal={Signal Processing},
year={2012},
volume={92},
number={7},
pages={1559-1566},
doi={10.1016/j.sigpro.2011.09.030},
url={https://www.scopus.com/inward/record.uri?eid=2-s2.0-84857446593&partnerID=40&md5=53fe895b171f17e38d64a0b33dab8f42},
}

@ARTICLE{Antoni200189,
author={Antoni, J. and Randall, R.B.},
title={Optimization of SANC for separating gear and bearing signals},
journal={Proceedings of the 14th International Congress},
year={2001},
volume={1},
pages={89-96},
}

@ARTICLE{Sawalhi2008,
author={Sawalhi, N. and Randall, R.B.},
title={Localised fault diagnosis in rolling element bearings in gearboxes},
journal={Proceedings of the Fifth International Conference on Condition Monitoring and Machinery Failure Prevention Technologies (CM-MFPT)},
year={2008},
}

@ARTICLE{Safizadeh20005,
author={Safizadeh, M.S. and Lakis, A.A. and Thomas, M.},
title={Using shorttime fourier transform in machinery fault diagnosis},
journal={International Journal of COMADEM},
year={2000},
volume={3},
number={1},
pages={5-16},
}

@ARTICLE{Zhou2014225,
author={Zhou, X. and Shao, Y.},
title={Adaptive noise cancellation based on beehive pattern evolutionary digital filter},
journal={Mechanical Systems and Signal Processing},
year={2014},
volume={42},
number={1-2},
pages={225-235},
doi={10.1016/j.ymssp.2013.08.016},
url={https://www.scopus.com/inward/record.uri?eid=2-s2.0-84887045387&partnerID=40&md5=68a065ee12aa614bde664de6d4777b56},
}

@ARTICLE{Lee20015,
author={Lee, S.K. and White, P.},
title={The L-Wigner distribution and its use as a tool for condition monitoring},
journal={Int J COMADEM},
year={2001},
volume={4},
number={1},
pages={5-11},
}


