Scopus
EXPORT DATE: 8 September 2016


@ARTICLE{Sawalhi201120,
author={Sawalhi, N. and Randall, R.B.},
title={Signal Pre-whitening for fault detection enhancement and surveillance in rolling element bearings},
journal={Paper Presented at the Eighth International Conference on Condition Monitoring and Machinery Failure Prevention Technologies},
year={2011},
pages={20-22},
note={cited By 1},
}



@ARTICLE{Wyłomańska2014171,
author={Wyłomańska, A. and Obuchowski, J. and Zimroz, R. and Hurd, H.},
title={Periodic autoregressive modeling of vibration time series from planetary gearbox used in bucket wheel excavator},
journal={Lecture Notes in Mechanical Engineering},
year={2014},
volume={11},
pages={171-186},
doi={10.1007/978-3-319-04187-2_12},
note={cited By 5},
}

@ARTICLE{Broszkiewicz-Suwaj2004196,
author={Broszkiewicz-Suwaj, E. and Makagon, A. and Weron, R. and Wyłomańska, A.},
title={On detecting and modeling periodic correlation in financial data},
journal={Physica A: Statistical Mechanics and its Applications},
year={2004},
volume={336},
number={1-2},
pages={196-205},
doi={10.1016/j.physa.2004.01.025},
note={cited By 25},
}

@ARTICLE{Makowski2014130,
author={Makowski, R. and Zimroz, R.},
title={New techniques of local damage detection in machinery based on stochastic modelling using adaptive Schur filter},
journal={Applied Acoustics},
year={2014},
volume={77},
pages={130-137},
doi={10.1016/j.apacoust.2013.05.015},
note={cited By 14},
}

@ARTICLE{Makowski2011248,
author={Makowski, R.A. and Zimroz, R.},
journal={Adaptive Bearings Vibration Modelling for Diagnosis, Lecture Notes in Computer Science (Including Subseries Lecture Notes in Artificial Intelligence and Lecture Notes in Bioinformatics) 6943 LNAI},
year={2011},
pages={248-259},
note={cited By 1},
}

@ARTICLE{Makowski201365,
author={Makowski, R. and Zimroz, R.},
title={A procedure for weighted summation of the derivatives of reflection coefficients in adaptive Schur filter with application to fault detection in rolling element bearings},
journal={Mechanical Systems and Signal Processing},
year={2013},
volume={38},
number={1},
pages={65-77},
doi={10.1016/j.ymssp.2012.05.005},
note={cited By 20},
}



@ARTICLE{Obuchowski2013,
author={Obuchowski, J. and Wylomanska, A. and Zimroz, R.},
title={Novel enhancement techniques for noisy vibration signals applied to local damage detection in rotating machines},
journal={Proceedings of International Conference Surveillance},
year={2013},
note={cited By 1},
}





@ARTICLE{Zhan20071953,
author={Zhan, Y. and Mechefske, C.K.},
title={Robust detection of gearbox deterioration using compromised autoregressive modeling and Kolmogorov-Smirnov test statistic-Part I: Compromised autoregressive modeling with the aid of hypothesis tests and simulation analysis},
journal={Mechanical Systems and Signal Processing},
year={2007},
volume={21},
number={5},
pages={1953-1982},
doi={10.1016/j.ymssp.2006.11.005},
note={cited By 24},
}



@book{Brockwell1991,
author={Brockwell, P.J. and Davis, R.A.},
title={Time Series: Theory and Methods},
year={1991},
publisher={Springer-Verlag},
city={New York},
note={cited By 3905},
}
